<?xml version="1.0" encoding="UTF-8"?>
  <record xmlns="http://www.loc.gov/MARC21/slim" type="Authority">
    <leader>00000nz  a2200000nc 4500</leader>
    <controlfield tag="001">118910434</controlfield>
    <controlfield tag="003">DE-101</controlfield>
    <controlfield tag="005">20220721175737.0</controlfield>
    <controlfield tag="008">900516n||azznnaabn           | aaa    |c</controlfield>
    <datafield tag="024" ind1="7" ind2=" ">
      <subfield code="a">118910434</subfield>
      <subfield code="0">http://d-nb.info/gnd/118910434</subfield>
      <subfield code="2">gnd</subfield>
    </datafield>
    <datafield tag="035" ind1=" " ind2=" ">
      <subfield code="a">(DE-101)118910434</subfield>
    </datafield>
    <datafield tag="035" ind1=" " ind2=" ">
      <subfield code="a">(DE-588)118910434</subfield>
    </datafield>
    <datafield tag="035" ind1=" " ind2=" ">
      <subfield code="z">(DE-588)1219892939</subfield>
    </datafield>
    <datafield tag="035" ind1=" " ind2=" ">
      <subfield code="z">(DE-588)1159048363</subfield>
    </datafield>
    <datafield tag="035" ind1=" " ind2=" ">
      <subfield code="z">(DE-588)1089305583</subfield>
    </datafield>
    <datafield tag="035" ind1=" " ind2=" ">
      <subfield code="z">(DE-588)1089718381</subfield>
    </datafield>
    <datafield tag="035" ind1=" " ind2=" ">
      <subfield code="z">(DE-588)171998863</subfield>
    </datafield>
    <datafield tag="035" ind1=" " ind2=" ">
      <subfield code="z">(DE-588a)171998863</subfield>
      <subfield code="9">v:zg</subfield>
    </datafield>
    <datafield tag="035" ind1=" " ind2=" ">
      <subfield code="z">(DE-588)158286774</subfield>
    </datafield>
    <datafield tag="035" ind1=" " ind2=" ">
      <subfield code="z">(DE-588a)158286774</subfield>
      <subfield code="9">v:zg</subfield>
    </datafield>
    <datafield tag="035" ind1=" " ind2=" ">
      <subfield code="z">(DE-588a)118910434</subfield>
      <subfield code="9">v:zg</subfield>
    </datafield>
    <datafield tag="035" ind1=" " ind2=" ">
      <subfield code="z">(DE-588c)4232996-6</subfield>
      <subfield code="9">v:zg</subfield>
    </datafield>
    <datafield tag="040" ind1=" " ind2=" ">
      <subfield code="a">DE-12</subfield>
      <subfield code="c">DE-12</subfield>
      <subfield code="9">r:DE-12</subfield>
      <subfield code="b">ger</subfield>
      <subfield code="d">9999</subfield>
      <subfield code="e">rda</subfield>
    </datafield>
    <datafield tag="042" ind1=" " ind2=" ">
      <subfield code="a">gnd1</subfield>
    </datafield>
    <datafield tag="043" ind1=" " ind2=" ">
      <subfield code="c">XB-IR</subfield>
    </datafield>
    <datafield tag="065" ind1=" " ind2=" ">
      <subfield code="a">3.1p</subfield>
      <subfield code="2">sswd</subfield>
    </datafield>
    <datafield tag="065" ind1=" " ind2=" ">
      <subfield code="a">7.14p</subfield>
      <subfield code="2">sswd</subfield>
    </datafield>
    <datafield tag="075" ind1=" " ind2=" ">
      <subfield code="b">p</subfield>
      <subfield code="2">gndgen</subfield>
    </datafield>
    <datafield tag="075" ind1=" " ind2=" ">
      <subfield code="b">piz</subfield>
      <subfield code="2">gndspec</subfield>
    </datafield>
    <datafield tag="079" ind1=" " ind2=" ">
      <subfield code="a">g</subfield>
      <subfield code="q">s</subfield>
      <subfield code="q">f</subfield>
      <subfield code="q">e</subfield>
      <subfield code="q">n</subfield>
      <subfield code="u">v</subfield>
    </datafield>
    <datafield tag="100" ind1="1" ind2=" ">
      <subfield code="a">Baiḍāwī, ʿAbdallāh Ibn-ʿUmar &#152;al-&#156;</subfield>
      <subfield code="d">-1319</subfield>
    </datafield>
    <datafield tag="375" ind1=" " ind2=" ">
      <subfield code="a">1</subfield>
      <subfield code="2">iso5218</subfield>
    </datafield>
    <datafield tag="400" ind1="1" ind2=" ">
      <subfield code="a">Bayḍāwī, ʻAbd Allāh ibn ʻUmar</subfield>
      <subfield code="d">-1319</subfield>
      <subfield code="9">v:LCAuth, ohne al-</subfield>
    </datafield>
    <datafield tag="400" ind1="1" ind2=" ">
      <subfield code="a">Bayḍāwī, ʿAbdallāh Ibn-ʿUmar</subfield>
      <subfield code="d">-1319</subfield>
    </datafield>
    <datafield tag="400" ind1="1" ind2=" ">
      <subfield code="a">Baiḍāwī, Nāṣir-ad-Dīn Abu-'l-Ḫair Abū-Saʿd ʿAbdallāh Ibn-ʿUmar Ibn-Muḥammad Ibn-ʿAlī &#152;al-&#156;</subfield>
      <subfield code="d">-1319</subfield>
      <subfield code="9">v:Brockelmann</subfield>
    </datafield>
    <datafield tag="400" ind1="1" ind2=" ">
      <subfield code="a">Baiḍāwī, Nāṣir-ad-Dīn Abu-'l-Ḫair Abū-Saʿīd ʿAbdallāh Ibn-ʿUmar Ibn-Muḥammad Ibn-ʿAlī &#152;al-&#156;</subfield>
      <subfield code="d">-1319</subfield>
    </datafield>
    <datafield tag="400" ind1="1" ind2=" ">
      <subfield code="a">Baiḍāwī, ʿAbdallāh Ibn-ʿUmar Ibn-Muḥammad Ibn-ʿAlī &#152;al-&#156;</subfield>
      <subfield code="d">-1319</subfield>
    </datafield>
    <datafield tag="400" ind1="0" ind2=" ">
      <subfield code="a">Nāṣir-ad-Dīn Abu-'l-Ḫair Abū-Saʿd ʿAbdallāh Ibn-ʿUmar Ibn-Muḥammad Ibn-ʿAlī al-Baiḍāwī</subfield>
      <subfield code="d">-1319</subfield>
    </datafield>
    <datafield tag="400" ind1="0" ind2=" ">
      <subfield code="a">Nāṣir-ad-Dīn Abu-'l-Ḫair Abū-Saʿīd ʿAbdallāh Ibn-ʿUmar Ibn-Muḥammad Ibn-ʿAlī al-Baiḍāwī</subfield>
      <subfield code="d">-1319</subfield>
    </datafield>
    <datafield tag="400" ind1="1" ind2=" ">
      <subfield code="a">Baiḍāwī, Nāṣir-ad-Dīn Abū-Saʿīd ʿAbdallāh Ibn-ʿUmar Ibn-Muḥammad &#152;al-&#156;</subfield>
      <subfield code="d">-1319</subfield>
    </datafield>
    <datafield tag="400" ind1="1" ind2=" ">
      <subfield code="a">Baiḍawī, Nāṣir-ad-Dīn Abū-Saʿīd ʿAbdallāh Ibn-ʿUmar Ibn-Muḥammad Ibn-ʿAlī aš-Šīrāzī &#152;al-&#156;</subfield>
      <subfield code="d">-1319</subfield>
      <subfield code="9">v:az-Ziriklī</subfield>
    </datafield>
    <datafield tag="400" ind1="0" ind2=" ">
      <subfield code="a">Nāṣir-ad-Dīn Abū-Saʿīd ʿAbdallāh Ibn-ʿUmar Ibn-Muḥammad Ibn-ʿAlī aš-Šīrāzī al-Baiḍawī</subfield>
      <subfield code="d">-1319</subfield>
    </datafield>
    <datafield tag="400" ind1="1" ind2=" ">
      <subfield code="a">Šīrāzī al-Baiḍawī, Nāṣir-ad-Dīn Abū-Saʿīd ʿAbdallāh Ibn-ʿUmar Ibn-Muḥammad Ibn-ʿAlī &#152;aš-&#156;</subfield>
      <subfield code="d">-1319</subfield>
    </datafield>
    <datafield tag="400" ind1="1" ind2=" ">
      <subfield code="a">Baiḍawī, ʿAbdallāh Ibn-ʿUmar Ibn-Muḥammad Ibn-ʿAlī aš-Šīrāzī &#152;al-&#156;</subfield>
      <subfield code="d">-1319</subfield>
    </datafield>
    <datafield tag="400" ind1="0" ind2=" ">
      <subfield code="a">ʿAbdallāh Ibn-ʿUmar Ibn-Muḥammad Ibn-ʿAlī aš-Šīrāzī al-Baiḍawī</subfield>
      <subfield code="d">-1319</subfield>
    </datafield>
    <datafield tag="400" ind1="1" ind2=" ">
      <subfield code="a">Šīrāzī al-Baiḍawī, ʿAbdallāh Ibn-ʿUmar Ibn-Muḥammad Ibn-ʿAlī &#152;aš-&#156;</subfield>
      <subfield code="d">-1319</subfield>
    </datafield>
    <datafield tag="400" ind1="1" ind2=" ">
      <subfield code="a">Baiḍawī, Nāṣir-ad-Dīn Abu-'l-Ḫair ʿAbdallāh Ibn-ʿUmar Ibn-Muḥammad Ibn-ʿAlī aš-Šīrāzī &#152;al-&#156;</subfield>
      <subfield code="d">-1319</subfield>
    </datafield>
    <datafield tag="400" ind1="0" ind2=" ">
      <subfield code="a">Nāṣir-ad-Dīn Abu-'l-Ḫair ʿAbdallāh Ibn-ʿUmar Ibn-Muḥammad Ibn-ʿAlī aš-Šīrāzī al-Baiḍawī</subfield>
      <subfield code="d">-1319</subfield>
    </datafield>
    <datafield tag="400" ind1="1" ind2=" ">
      <subfield code="a">Šīrāzī al-Baiḍawī, Nāṣir-ad-Dīn Abu-'l-Ḫair ʿAbdallāh Ibn-ʿUmar Ibn-Muḥammad Ibn-ʿAlī &#152;aš-&#156;</subfield>
      <subfield code="d">-1319</subfield>
    </datafield>
    <datafield tag="400" ind1="0" ind2=" ">
      <subfield code="a">ʿAbdallāh al-Baiḍāwī</subfield>
      <subfield code="d">-1319</subfield>
      <subfield code="9">v:Kaḥḥāla</subfield>
    </datafield>
    <datafield tag="400" ind1="1" ind2=" ">
      <subfield code="a">Baiḍāwī, ʿAbdallāh &#152;al-&#156;</subfield>
      <subfield code="d">-1319</subfield>
    </datafield>
    <datafield tag="400" ind1="0" ind2=" ">
      <subfield code="a">Nāṣir-ad-Dīn Abū-Saʿīd ʿAbdallāh Ibn-ʿUmar Ibn-Muḥammad Ibn-ʿAlī al-Baiḍāwī aš-Šīrāzī aš-Šāfiʿī</subfield>
      <subfield code="d">-1319</subfield>
    </datafield>
    <datafield tag="400" ind1="0" ind2=" ">
      <subfield code="a">ʿAbdallāh Ibn-ʿUmar Ibn-Muḥammad Ibn-ʿAlī al-Baiḍāwī aš-Šīrāzī aš-Šāfiʿī</subfield>
      <subfield code="d">-1319</subfield>
    </datafield>
    <datafield tag="400" ind1="1" ind2=" ">
      <subfield code="a">Bayḍāwī, Nāṣir al-Dīn ʿAbdallāh b. ʿUmar b. Muḥammad al-Shīrāzī &#152;al-&#156;</subfield>
      <subfield code="c">al-Qāḍī</subfield>
      <subfield code="d">-1319</subfield>
      <subfield code="9">v:Enc. Islam Three</subfield>
    </datafield>
    <datafield tag="400" ind1="1" ind2=" ">
      <subfield code="a">Baiḍāwī, Nāṣir-ad-Dīn ʿAbdallāh Ibn-ʿUmar Ibn-Muḥammad aš-Šīrāzī &#152;al-&#156;</subfield>
      <subfield code="c">al-Qāḍī</subfield>
      <subfield code="d">-1319</subfield>
    </datafield>
    <datafield tag="400" ind1="1" ind2=" ">
      <subfield code="a">Bayḍāwī, ʿAbd Allāh b. ʿUmar b. Muḥammad b. ʿAlī abūʾ l-Ḵh̲ayr Nāṣir al-dīn &#152;al-&#156;</subfield>
      <subfield code="d">-1319</subfield>
      <subfield code="9">v:Enc. Islam</subfield>
    </datafield>
    <datafield tag="400" ind1="1" ind2=" ">
      <subfield code="a">Baiḍāwī, Nāṣir-ad-Dīn Abū-Saʿīd ʿAbdallāh Ibn-ʿUmar Ibn-Muḥammad aš-Šīrāzī &#152;al-&#156;</subfield>
      <subfield code="d">-1319</subfield>
    </datafield>
    <datafield tag="400" ind1="1" ind2=" ">
      <subfield code="a">Bayḍāwī, ʿAbd Allāh ibn ʿUmar &#152;al-&#156;</subfield>
      <subfield code="d">-1319</subfield>
      <subfield code="9">v:Meisami</subfield>
    </datafield>
    <datafield tag="400" ind1="1" ind2=" ">
      <subfield code="a">Bayżāwī, Nāṣer-al-Dīn</subfield>
      <subfield code="d">-1319</subfield>
      <subfield code="9">v:EIr</subfield>
    </datafield>
    <datafield tag="400" ind1="1" ind2=" ">
      <subfield code="a">Bayżāwī, Nāṣer-al-Dīn Abu’l-Ḵayr ʿAbd-Allāh b. ʿOmar b. Moḥammad</subfield>
      <subfield code="d">-1319</subfield>
    </datafield>
    <datafield tag="400" ind1="1" ind2=" ">
      <subfield code="a">Bayżāwī, Nāṣer-al-Dīn Abū Saʿīd ʿAbd-Allāh b. ʿOmar b. Moḥammad</subfield>
      <subfield code="d">-1319</subfield>
    </datafield>
    <datafield tag="400" ind1="1" ind2=" ">
      <subfield code="a">Baiḍāwī, Nāṣir-ad-Dīn</subfield>
      <subfield code="d">-1319</subfield>
    </datafield>
    <datafield tag="400" ind1="1" ind2=" ">
      <subfield code="a">Baiḍāwī, Nāṣir-ad-Dīn Abu-'l-Ḫair ʿAbdallāh Ibn-ʿUmar Ibn-Muḥammad</subfield>
      <subfield code="d">-1319</subfield>
    </datafield>
    <datafield tag="400" ind1="0" ind2=" ">
      <subfield code="a">Nāṣir-ad-Dīn Abu-'l-Ḫair ʿAbdallāh Ibn-ʿUmar Ibn-Muḥammad Baiḍāwī</subfield>
      <subfield code="d">-1319</subfield>
    </datafield>
    <datafield tag="400" ind1="1" ind2=" ">
      <subfield code="a">Baiḍāwī, Nāṣir-ad-Dīn Abū-Saʿīd ʿAbdallāh Ibn-ʿUmar Ibn-Muḥammad</subfield>
      <subfield code="d">-1319</subfield>
    </datafield>
    <datafield tag="400" ind1="0" ind2=" ">
      <subfield code="a">Nāṣir-ad-Dīn Abū-Saʿīd ʿAbdallāh Ibn-ʿUmar Ibn-Muḥammad Baiḍāwī</subfield>
      <subfield code="d">-1319</subfield>
    </datafield>
    <datafield tag="400" ind1="0" ind2=" ">
      <subfield code="a">ʿAbdallāh Ibn-ʿUmar Ibn-Muḥammad Baiḍāwī</subfield>
      <subfield code="d">-1319</subfield>
    </datafield>
    <datafield tag="400" ind1="1" ind2=" ">
      <subfield code="a">Bayḍāwī, ʿAbd-Allah &#152;al-&#156;</subfield>
      <subfield code="d">-1319</subfield>
    </datafield>
    <datafield tag="400" ind1="0" ind2=" ">
      <subfield code="a">ʿAbdallāh Ibn-ʿUmar al-Baiḍawī</subfield>
      <subfield code="d">-1319</subfield>
    </datafield>
    <datafield tag="400" ind1="0" ind2=" ">
      <subfield code="a">Beidhawi</subfield>
      <subfield code="d">-1319</subfield>
    </datafield>
    <datafield tag="400" ind1="1" ind2=" ">
      <subfield code="a">Ibn-ʿUmar al-Baiḍāwī, ʿAbdallāh</subfield>
      <subfield code="d">-1319</subfield>
    </datafield>
    <datafield tag="400" ind1="1" ind2=" ">
      <subfield code="a">Ibn-ʿUmar, ʿAbdallāh al-Baiḍāwī</subfield>
      <subfield code="d">-1319</subfield>
    </datafield>
    <datafield tag="400" ind1="1" ind2=" ">
      <subfield code="a">Baidawi, Abd Allah &#152;al-&#156;</subfield>
      <subfield code="d">-1319</subfield>
    </datafield>
    <datafield tag="400" ind1="1" ind2=" ">
      <subfield code="a">Baiḍāwī, ʿAbdallāh Ibn-ʿUmar</subfield>
      <subfield code="d">-1319</subfield>
    </datafield>
    <datafield tag="400" ind1="1" ind2=" ">
      <subfield code="a">Beidavaeus, Abdalla</subfield>
      <subfield code="d">-1319</subfield>
    </datafield>
    <datafield tag="400" ind1="0" ind2=" ">
      <subfield code="a">Abdalla Beidavaeus</subfield>
      <subfield code="d">-1319</subfield>
    </datafield>
    <datafield tag="400" ind1="1" ind2=" ">
      <subfield code="a">Beidhawy, Abdallah</subfield>
      <subfield code="d">-1319</subfield>
    </datafield>
    <datafield tag="400" ind1="1" ind2=" ">
      <subfield code="a">Baidawī, Abū-Saʿīd ʿAbdallāh Ibn-ʿUmar</subfield>
      <subfield code="d">-1319</subfield>
    </datafield>
    <datafield tag="400" ind1="1" ind2=" ">
      <subfield code="a">Bayḍāwī, ʿAbd Allāh Ibn ʿUmar</subfield>
      <subfield code="d">-1319</subfield>
    </datafield>
    <datafield tag="400" ind1="0" ind2=" ">
      <subfield code="a">Nāṣir-ad-Dīn al-Baiḍāwī</subfield>
      <subfield code="d">-1319</subfield>
    </datafield>
    <datafield tag="400" ind1="0" ind2=" ">
      <subfield code="a">Beidavius</subfield>
      <subfield code="d">-1319</subfield>
    </datafield>
    <datafield tag="400" ind1="0" ind2=" ">
      <subfield code="a">Beidhawius</subfield>
      <subfield code="d">-1319</subfield>
    </datafield>
    <datafield tag="400" ind1="1" ind2=" ">
      <subfield code="a">Baidawi, Abd-Allah &#152;al-&#156;</subfield>
      <subfield code="d">-1319</subfield>
    </datafield>
    <datafield tag="400" ind1="0" ind2=" ">
      <subfield code="a">Nāṣir-ad-Dīn Abū-Saʿīd ʿAbdallāh Ibn-Abī-al-Qāsim ʿUmar Ibn-Muḥammd Ibn-Abī-ʾl-Ḥasan ʿAlī al-Baiḍāwī aš-Šīrāzī aš-Šāfiʿī</subfield>
      <subfield code="d">-1319</subfield>
    </datafield>
    <datafield tag="400" ind1="0" ind2=" ">
      <subfield code="a">Nāṣir al-Dīn Abū Saʿīd ʿAbd Allāh Ibn Abī al-Qāsim ʿUmar Ibn Muḥammd Ibn Abī al-Ḥasan ʿAlī al-Bayḍāwī al-Shīrāzī al-Shāfiʿī</subfield>
      <subfield code="d">-1319</subfield>
    </datafield>
    <datafield tag="400" ind1="0" ind2=" ">
      <subfield code="a">Nāṣir-ad-Dīn Abū-ʾl-Ḫair ʿAbdallāh Ibn-Abī-al-Qāsim ʿUmar Ibn-Muḥammd Ibn-Abī-ʾl-Ḥasan ʿAlī al-Baiḍāwī aš-Šīrāzī aš-Šāfiʿī</subfield>
      <subfield code="d">-1319</subfield>
    </datafield>
    <datafield tag="400" ind1="0" ind2=" ">
      <subfield code="a">Nāṣir al-Dīn Abū al-Khayr ʿAbd Allāh Ibn Abī al-Qāsim ʿUmar Ibn Muḥammd Ibn Abī al-Ḥasan ʿAlī al-Bayḍāwī al-Shīrāzī al-Shāfiʿī</subfield>
      <subfield code="d">-1319</subfield>
    </datafield>
    <datafield tag="400" ind1="1" ind2=" ">
      <subfield code="a">Baidawi, Abdallah I.</subfield>
      <subfield code="d">-1319</subfield>
    </datafield>
    <datafield tag="400" ind1="1" ind2=" ">
      <subfield code="a">Bayḍāwī, ʿAbdallāh Ibn ʿUmar &#152;al-&#156;</subfield>
      <subfield code="d">-1319</subfield>
    </datafield>
    <datafield tag="400" ind1="1" ind2=" ">
      <subfield code="a">Bayḍāwī, ʿAbd Allāh Ibn ʿUmar &#152;al-&#156;</subfield>
      <subfield code="d">-1319</subfield>
    </datafield>
    <datafield tag="400" ind1="1" ind2=" ">
      <subfield code="a">ʿAbdallāh Ibn ʿUmar al-Bayḍāwī, Abū Saʿd</subfield>
      <subfield code="d">-1319</subfield>
    </datafield>
    <datafield tag="400" ind1="1" ind2=" ">
      <subfield code="a">ʿAbdallāh Ibn ʿUmar Ibn Muḥammad aš-Sīrāzī al-Bayḍāwī, Nāṣir ad-dīn Abū Saʿīd</subfield>
      <subfield code="d">-1319</subfield>
    </datafield>
    <datafield tag="400" ind1="0" ind2=" ">
      <subfield code="a">ʿAbd Allāh Ibn ʿUmar al-Baiḍāwī</subfield>
      <subfield code="d">-1319</subfield>
    </datafield>
    <datafield tag="400" ind1="0" ind2=" ">
      <subfield code="a">ʿAbd Allāh Ibn ʿUmar Ibn Muḥammad Ibn ʿAlī al-Baidhāwī</subfield>
      <subfield code="d">-1319</subfield>
    </datafield>
    <datafield tag="400" ind1="1" ind2=" ">
      <subfield code="a">Baydawi, ʿAbd Allah</subfield>
      <subfield code="d">-1319</subfield>
    </datafield>
    <datafield tag="400" ind1="0" ind2=" ">
      <subfield code="a">Nāṣir ad-Dīn Abū Saʿīd ʿAbdallāh Ibn ʿUmar Ibn Muḥammad aš-Šīrāzī al-Bayḍāwī</subfield>
      <subfield code="d">-1319</subfield>
    </datafield>
    <datafield tag="400" ind1="1" ind2=" ">
      <subfield code="9">U:Arab</subfield>
      <subfield code="9">L:per</subfield>
      <subfield code="a">بیضاوی, ناصر الدین</subfield>
      <subfield code="d">-1319</subfield>
    </datafield>
    <datafield tag="400" ind1="1" ind2=" ">
      <subfield code="9">U:Arab</subfield>
      <subfield code="9">L:per</subfield>
      <subfield code="a">بیضاوی, ناصر الدین ابو الخیر عبد الله بن عمر بن محمد</subfield>
      <subfield code="d">-1319</subfield>
    </datafield>
    <datafield tag="400" ind1="0" ind2=" ">
      <subfield code="9">U:Arab</subfield>
      <subfield code="9">L:per</subfield>
      <subfield code="a">ناصر الدین ابو الخیر عبد الله بن عمر بن محمد بیضاوی</subfield>
      <subfield code="d">-1319</subfield>
    </datafield>
    <datafield tag="400" ind1="1" ind2=" ">
      <subfield code="9">U:Arab</subfield>
      <subfield code="9">L:per</subfield>
      <subfield code="a">بیضاوی, ناصر الدین ابو سعید عبد الله بن عمر بن محمد</subfield>
      <subfield code="d">-1319</subfield>
    </datafield>
    <datafield tag="400" ind1="0" ind2=" ">
      <subfield code="9">U:Arab</subfield>
      <subfield code="9">L:per</subfield>
      <subfield code="a">ناصر الدین ابو سعید عبد الله بن عمر بن محمد بیضاوی</subfield>
      <subfield code="d">-1319</subfield>
    </datafield>
    <datafield tag="400" ind1="1" ind2=" ">
      <subfield code="9">U:Arab</subfield>
      <subfield code="9">L:per</subfield>
      <subfield code="a">بیضاوی, عبد الله بن عمر بن محمد</subfield>
      <subfield code="d">-1319</subfield>
    </datafield>
    <datafield tag="400" ind1="0" ind2=" ">
      <subfield code="9">U:Arab</subfield>
      <subfield code="9">L:per</subfield>
      <subfield code="a">عبد الله بن عمر بن محمد بیضاوی</subfield>
      <subfield code="d">-1319</subfield>
    </datafield>
    <datafield tag="400" ind1="1" ind2=" ">
      <subfield code="9">U:Arab</subfield>
      <subfield code="9">L:ara</subfield>
      <subfield code="a">البيضاوي, عبد الله بن عمر</subfield>
      <subfield code="d">-1319</subfield>
    </datafield>
    <datafield tag="400" ind1="1" ind2=" ">
      <subfield code="9">U:Arab</subfield>
      <subfield code="9">L:ara</subfield>
      <subfield code="a">بيضاوي, ناصر الدين أبو سعيد عبد الله بن عمر بن محمد بن علي الشيرازي &#152;ال&#156;</subfield>
      <subfield code="d">-1319</subfield>
      <subfield code="9">v:az-Ziriklī</subfield>
    </datafield>
    <datafield tag="400" ind1="1" ind2=" ">
      <subfield code="9">U:Arab</subfield>
      <subfield code="9">L:ara</subfield>
      <subfield code="a">البيضاوي, ناصر الدين ابو سعيد عبد الله بن عمر بن محمد</subfield>
      <subfield code="d">-1319</subfield>
    </datafield>
    <datafield tag="400" ind1="1" ind2=" ">
      <subfield code="9">U:Arab</subfield>
      <subfield code="9">L:ara</subfield>
      <subfield code="a">البيضاوي, ناصر الدين أبو سعيد عبد الله بن عمر بن محمد بن علي الشيرازي</subfield>
      <subfield code="d">-1319</subfield>
    </datafield>
    <datafield tag="400" ind1="0" ind2=" ">
      <subfield code="9">U:Arab</subfield>
      <subfield code="9">L:ara</subfield>
      <subfield code="a">ناصر الدين أبو سعيد عبد الله بن عمر بن محمد بن علي الشيرازي البيضاوي</subfield>
      <subfield code="d">-1319</subfield>
    </datafield>
    <datafield tag="400" ind1="1" ind2=" ">
      <subfield code="9">U:Arab</subfield>
      <subfield code="9">L:ara</subfield>
      <subfield code="a">شيرازي البيضاوي, ناصر الدين أبو سعيد عبد الله بن عمر بن محمد بن علي &#152;ال&#156;</subfield>
      <subfield code="d">-1319</subfield>
    </datafield>
    <datafield tag="400" ind1="1" ind2=" ">
      <subfield code="9">U:Arab</subfield>
      <subfield code="9">L:ara</subfield>
      <subfield code="a">الشيرازي البيضاوي, ناصر الدين أبو سعيد عبد الله بن عمر بن محمد بن علي</subfield>
      <subfield code="d">-1319</subfield>
    </datafield>
    <datafield tag="400" ind1="1" ind2=" ">
      <subfield code="9">U:Arab</subfield>
      <subfield code="9">L:ara</subfield>
      <subfield code="a">بيضاوي, عبد الله بن عمر بن محمد بن علي الشيرازي &#152;ال&#156;</subfield>
      <subfield code="d">-1319</subfield>
    </datafield>
    <datafield tag="400" ind1="1" ind2=" ">
      <subfield code="9">U:Arab</subfield>
      <subfield code="9">L:ara</subfield>
      <subfield code="a">البيضاوي, عبد الله بن عمر بن محمد بن علي الشيرازي</subfield>
      <subfield code="d">-1319</subfield>
    </datafield>
    <datafield tag="400" ind1="0" ind2=" ">
      <subfield code="9">U:Arab</subfield>
      <subfield code="9">L:ara</subfield>
      <subfield code="a">عبد الله بن عمر بن محمد بن علي الشيرازي البيضاوي</subfield>
      <subfield code="d">-1319</subfield>
    </datafield>
    <datafield tag="400" ind1="1" ind2=" ">
      <subfield code="9">U:Arab</subfield>
      <subfield code="9">L:ara</subfield>
      <subfield code="a">شيرازي البيضاوي, عبد الله بن عمر بن محمد بن علي &#152;ال&#156;</subfield>
      <subfield code="d">-1319</subfield>
    </datafield>
    <datafield tag="400" ind1="1" ind2=" ">
      <subfield code="9">U:Arab</subfield>
      <subfield code="9">L:ara</subfield>
      <subfield code="a">الشيرازي البيضاوي, عبد الله بن عمر بن محمد بن علي</subfield>
      <subfield code="d">-1319</subfield>
    </datafield>
    <datafield tag="400" ind1="1" ind2=" ">
      <subfield code="9">U:Arab</subfield>
      <subfield code="9">L:ara</subfield>
      <subfield code="a">بيضاوي, ناصر الدين أبو الخير عبد الله بن عمر بن محمد بن علي الشيرازي &#152;ال&#156;</subfield>
      <subfield code="d">-1319</subfield>
    </datafield>
    <datafield tag="400" ind1="1" ind2=" ">
      <subfield code="9">U:Arab</subfield>
      <subfield code="9">L:ara</subfield>
      <subfield code="a">البيضاوي, ناصر الدين أبو الخير عبد الله بن عمر بن محمد بن علي الشيرازي</subfield>
      <subfield code="d">-1319</subfield>
    </datafield>
    <datafield tag="400" ind1="0" ind2=" ">
      <subfield code="9">U:Arab</subfield>
      <subfield code="9">L:ara</subfield>
      <subfield code="a">ناصر الدين أبو الخير عبد الله بن عمر بن محمد بن علي الشيرازي البيضاوي</subfield>
      <subfield code="d">-1319</subfield>
    </datafield>
    <datafield tag="400" ind1="1" ind2=" ">
      <subfield code="9">U:Arab</subfield>
      <subfield code="9">L:ara</subfield>
      <subfield code="a">شيرازي البيضاوي, ناصر الدين أبو الخير عبد الله بن عمر بن محمد بن علي &#152;ال&#156;</subfield>
      <subfield code="d">-1319</subfield>
    </datafield>
    <datafield tag="400" ind1="1" ind2=" ">
      <subfield code="9">U:Arab</subfield>
      <subfield code="9">L:ara</subfield>
      <subfield code="a">الشيرازي البيضاوي, ناصر الدين أبو الخير عبد الله بن عمر بن محمد بن علي</subfield>
      <subfield code="d">-1319</subfield>
    </datafield>
    <datafield tag="400" ind1="0" ind2=" ">
      <subfield code="9">U:Arab</subfield>
      <subfield code="9">L:ara</subfield>
      <subfield code="a">عبد الله البيضاوي</subfield>
      <subfield code="d">-1319</subfield>
      <subfield code="9">v:Kaḥḥāla</subfield>
    </datafield>
    <datafield tag="400" ind1="1" ind2=" ">
      <subfield code="9">U:Arab</subfield>
      <subfield code="9">L:ara</subfield>
      <subfield code="a">بيضاوي, عبد الله &#152;ال&#156;</subfield>
      <subfield code="d">-1319</subfield>
    </datafield>
    <datafield tag="400" ind1="1" ind2=" ">
      <subfield code="9">U:Arab</subfield>
      <subfield code="9">L:ara</subfield>
      <subfield code="a">البيضاوي, عبد الله</subfield>
      <subfield code="d">-1319</subfield>
    </datafield>
    <datafield tag="400" ind1="0" ind2=" ">
      <subfield code="9">U:Arab</subfield>
      <subfield code="9">L:ara</subfield>
      <subfield code="a">ناصر الدين أبو سعيد عبد الله بن عمر بن محمد بن علي البيضاوي الشيرازي الشافعي</subfield>
      <subfield code="d">-1319</subfield>
    </datafield>
    <datafield tag="400" ind1="0" ind2=" ">
      <subfield code="9">U:Arab</subfield>
      <subfield code="9">L:ara</subfield>
      <subfield code="a">عبد الله بن عمر بن محمد بن علي البيضاوي الشيرازي الشافعي</subfield>
      <subfield code="d">-1319</subfield>
    </datafield>
    <datafield tag="548" ind1=" " ind2=" ">
      <subfield code="a">-1319</subfield>
      <subfield code="4">datl</subfield>
      <subfield code="4">https://d-nb.info/standards/elementset/gnd#dateOfDeath</subfield>
      <subfield code="w">r</subfield>
      <subfield code="i">Lebensdaten</subfield>
      <subfield code="9">v:starb laut Enc. Islam Three wahrscheinlich (circa) im Ǧumādā I 719/Juni 1319; starb laut Brockelmann wahrscheinlich erst 716/1316 (S I) oder wahrscheinlich 685/1286, eventuell auch 691 oder 692 (G I); starb laut az-Ziriklī und Kaḥḥāla 685/1286; laut Enc. Islam mögliche Sterbejahre 685/1286, 691/1292, 692/1293, 716/1316; starb laut Meisami zwischen 685-91 und 1282-91 oder vielleicht erst 716/1316; laut EIr sind die angegebenen Todesjahre  685/1286, 691/1292, 692/1293, 708/1308-09, einige Zeit nach 710/1310-11, 716/1316 (mit einer Präferenz der späteren Daten)</subfield>
    </datafield>
    <datafield tag="550" ind1=" " ind2=" ">
      <subfield code="0">(DE-101)041772210</subfield>
      <subfield code="0">(DE-588)4177221-0</subfield>
      <subfield code="0">https://d-nb.info/gnd/4177221-0</subfield>
      <subfield code="a">Rechtsgelehrter</subfield>
      <subfield code="4">berc</subfield>
      <subfield code="4">https://d-nb.info/standards/elementset/gnd#professionOrOccupation</subfield>
      <subfield code="w">r</subfield>
      <subfield code="i">Charakteristischer Beruf</subfield>
    </datafield>
    <datafield tag="550" ind1=" " ind2=" ">
      <subfield code="0">(DE-101)040597563</subfield>
      <subfield code="0">(DE-588)4059756-8</subfield>
      <subfield code="0">https://d-nb.info/gnd/4059756-8</subfield>
      <subfield code="a">Theologe</subfield>
      <subfield code="4">beru</subfield>
      <subfield code="4">https://d-nb.info/standards/elementset/gnd#professionOrOccupation</subfield>
      <subfield code="w">r</subfield>
      <subfield code="i">Beruf</subfield>
    </datafield>
    <datafield tag="550" ind1=" " ind2=" ">
      <subfield code="0">(DE-101)041629736</subfield>
      <subfield code="0">(DE-588)4162973-5</subfield>
      <subfield code="0">https://d-nb.info/gnd/4162973-5</subfield>
      <subfield code="a">Kadi</subfield>
      <subfield code="4">beru</subfield>
      <subfield code="4">https://d-nb.info/standards/elementset/gnd#professionOrOccupation</subfield>
      <subfield code="w">r</subfield>
      <subfield code="i">Beruf</subfield>
    </datafield>
    <datafield tag="667" ind1=" " ind2=" ">
      <subfield code="a">12-PMA:Suppl.</subfield>
    </datafield>
    <datafield tag="667" ind1=" " ind2=" ">
      <subfield code="a">12</subfield>
    </datafield>
    <datafield tag="667" ind1=" " ind2=" ">
      <subfield code="a">Red. SSG</subfield>
    </datafield>
    <datafield tag="667" ind1=" " ind2=" ">
      <subfield code="a">VD-17</subfield>
    </datafield>
    <datafield tag="667" ind1=" " ind2=" ">
      <subfield code="a">Orient digital</subfield>
      <subfield code="5">DE-39</subfield>
    </datafield>
    <datafield tag="670" ind1=" " ind2=" ">
      <subfield code="a">LCAuth</subfield>
      <subfield code="u">http://id.loc.gov/authorities/names/n82085851</subfield>
    </datafield>
    <datafield tag="670" ind1=" " ind2=" ">
      <subfield code="a">Brockelmann, G I 416 ff., S I 738 ff.</subfield>
    </datafield>
    <datafield tag="670" ind1=" " ind2=" ">
      <subfield code="a">az-Ziriklī, "al-Aʿlām" (Bairūt, Dār al-ʿilm li-l-malāyīn, aṭ-ṭabʿa al-ḫāmisat ʿašra, aiyār/māyū 2002), IV 110</subfield>
    </datafield>
    <datafield tag="670" ind1=" " ind2=" ">
      <subfield code="a">Kaḥḥāla, "Muʿǧam al-muʾallifīn" (Bairūt, Muʾassasat ar-risāla, aṭ-ṭabʿa al-ūlā, 1414 h. - 1993 m.), II 266 f. (Nr. 8139)</subfield>
    </datafield>
    <datafield tag="670" ind1=" " ind2=" ">
      <subfield code="a">Enc. Islam Three, unter "al-Bayḍāwī"</subfield>
    </datafield>
    <datafield tag="670" ind1=" " ind2=" ">
      <subfield code="a">Enc. Islam</subfield>
    </datafield>
    <datafield tag="670" ind1=" " ind2=" ">
      <subfield code="a">Meisami, Julie Scott; Starkey, Paul (Hg.): Encyclopedia of Arabic literature (1998), S. 144</subfield>
    </datafield>
    <datafield tag="670" ind1=" " ind2=" ">
      <subfield code="a">EIr</subfield>
      <subfield code="u">http://www.iranicaonline.org/articles/bayzawi-naser-al-din-abul-kayr-or-abu-said-abd-allah-b</subfield>
    </datafield>
    <datafield tag="670" ind1=" " ind2=" ">
      <subfield code="a">M</subfield>
    </datafield>
    <datafield tag="672" ind1=" " ind2="0">
      <subfield code="a">Baiḍāwī, ʿAbdallāh Ibn-ʿUmar al-: Historia siniensis. - [ca. 1672]</subfield>
    </datafield>
    <datafield tag="672" ind1=" " ind2="0">
      <subfield code="a">Baiḍāwī, ʿAbdallāh Ibn-ʿUmar al-: Tārīḫ-i Ḫitāy. - [ca. 1672]</subfield>
    </datafield>
    <datafield tag="672" ind1=" " ind2="0">
      <subfield code="a">Baiḍāwī, ʿAbdallāh Ibn-ʿUmar al-: Kitāb Minhāǧ al-wuṣūl ilā ʿilm al-uṣūl</subfield>
      <subfield code="f">1989</subfield>
    </datafield>
    <datafield tag="672" ind1=" " ind2="0">
      <subfield code="a">Baiḍāwī, ʿAbdallāh Ibn-ʿUmar al-: Ṭawāliʿ al-anwār min maṭāliʿ al-anẓār</subfield>
      <subfield code="f">1991</subfield>
    </datafield>
    <datafield tag="672" ind1=" " ind2="0">
      <subfield code="a">Baiḍāwī, ʿAbdallāh Ibn-ʿUmar al-</subfield>
    </datafield>
    <datafield tag="678" ind1=" " ind2=" ">
      <subfield code="b">Islamischer (genauer: ašʿaritischer) Theologe und Rechtsgelehrter (Šāfiʿit); qāḍi 'l-quḍāh (Oberkadi) von Šīrāz; in Baiḍā (nördlich von Šīrāz) geboren; starb in Šīrāz oder Tabrīz; schrieb überwiegend auf Arabisch, teilweise auch auf Persisch (z.B. die kurze Universalgeschichte "Niẓām at-tawārīḫ"); verfasste u.a. "Anwār at-tanzīl wa-asrār at-taʾwīl" (= " Tafsīr al-qāḍī"/"Muḫtaṣar al-Kaššāf", Korankommentar), "Minhāǧ al-wuṣūl ilā ʿilm al-uṣūl" (uṣūl al-fiqh)</subfield>
    </datafield>
    <datafield tag="700" ind1="1" ind2="4">
      <subfield code="9">U:Arab</subfield>
      <subfield code="9">L:ara</subfield>
      <subfield code="a">بيضاوي, عبد الله ابن عمر &#152;ال&#156;</subfield>
      <subfield code="d">-1319</subfield>
      <subfield code="5">DE-25-29</subfield>
      <subfield code="9">v:Original</subfield>
    </datafield>
    <datafield tag="913" ind1=" " ind2=" ">
      <subfield code="S">pnd</subfield>
      <subfield code="i">a</subfield>
      <subfield code="a">Baiḍāwī, ʿAbdallāh Ibn-ʿUmar /al-</subfield>
      <subfield code="0">(DE-588a)118910434</subfield>
    </datafield>
    <datafield tag="913" ind1=" " ind2=" ">
      <subfield code="S">pnd</subfield>
      <subfield code="i">a</subfield>
      <subfield code="a">Baidawi, Abd-Allah /al-</subfield>
      <subfield code="0">(DE-588a)118910434</subfield>
    </datafield>
    <datafield tag="913" ind1=" " ind2=" ">
      <subfield code="S">pnd</subfield>
      <subfield code="i">a</subfield>
      <subfield code="a">Baiḍāwī, 'Abdallāh b. 'Umar al-</subfield>
      <subfield code="0">(DE-588a)158286774</subfield>
    </datafield>
    <datafield tag="913" ind1=" " ind2=" ">
      <subfield code="S">pnd</subfield>
      <subfield code="i">a</subfield>
      <subfield code="a">Baidawi, Abdallah I.</subfield>
      <subfield code="0">(DE-588a)171998863</subfield>
    </datafield>
  </record>
